<record><leader>00000cas a2200000 a 4500</leader><controlfield tag="001">5733149</controlfield><controlfield tag="008">791127d18801982nyudn ne      0   a0eng c</controlfield><datafield ind1=" " ind2=" " tag="010"><subfield code="a">sn 83045870 </subfield></datafield><datafield ind1=" " ind2=" " tag="040"><subfield code="a">ZBM</subfield><subfield code="b">eng</subfield><subfield code="c">ZBM</subfield><subfield code="d">NSD</subfield><subfield code="d">NPW</subfield><subfield code="d">DLC</subfield><subfield code="d">NPY</subfield><subfield code="d">NPH</subfield><subfield code="d">NYS</subfield><subfield code="d">OCL</subfield><subfield code="d">MGN</subfield><subfield code="d">NYS</subfield><subfield code="d">CNK</subfield><subfield code="d">NYS</subfield><subfield code="d">MHN</subfield><subfield code="d">NYG</subfield><subfield code="d">CRL</subfield><subfield code="d">DLC</subfield><subfield code="d">OCLCQ</subfield><subfield code="d">DLC</subfield><subfield code="d">OCLCQ</subfield><subfield code="d">OCLCF</subfield><subfield code="d">OCLCO</subfield></datafield><datafield ind1=" " ind2=" " tag="019"><subfield code="a">12925578</subfield><subfield code="a">18719548</subfield></datafield><datafield ind1="1" ind2=" " tag="029"><subfield code="a">AU@</subfield><subfield code="b">000020419521</subfield></datafield><datafield ind1=" " ind2=" " tag="042"><subfield code="a">pcc</subfield></datafield><datafield ind1=" " ind2=" " tag="043"><subfield code="a">n-us-ny</subfield></datafield><datafield ind1="0" ind2="0" tag="050"><subfield code="a">Newspaper</subfield></datafield><datafield ind1="0" ind2=" " tag="130"><subfield code="a">Buffalo evening news (Buffalo, N.Y. : Daily)</subfield></datafield><datafield ind1="1" ind2="0" tag="245"><subfield code="a">Buffalo evening news.</subfield></datafield><datafield ind1="1" ind2=" " tag="246"><subfield code="i">Issues for Saturday &lt;Dec. 19, 1981-&gt; published as:</subfield><subfield code="a">Buffalo news</subfield></datafield><datafield ind1="1" ind2=" " tag="246"><subfield code="i">Issues for Sunday &lt;1880-1895&gt; published as:</subfield><subfield code="a">Buffalo Sunday morning news</subfield></datafield><datafield ind1="1" ind2=" " tag="246"><subfield code="i">Issues for Sunday &lt;1897-1915&gt; published as:</subfield><subfield code="a">Buffalo Sunday news</subfield></datafield><datafield ind1=" " ind2=" " tag="260"><subfield code="a">Buffalo, N.Y. :</subfield><subfield code="b">Buffalo Evening News,</subfield><subfield code="c">1880-1982.</subfield></datafield><datafield ind1=" " ind2=" " tag="300"><subfield code="a">102 v.</subfield></datafield><datafield ind1=" " ind2=" " tag="321"><subfield code="a">Daily (except Sunday)</subfield></datafield><datafield ind1="0" ind2=" " tag="362"><subfield code="a">Vol. [1] (Oct. 11, 1880)-v. 204, no. 181 (Oct. 8, 1982).</subfield></datafield><datafield ind1=" " ind2=" " tag="500"><subfield code="a">Issue for Aug. 24, 1913 called Perry centennial number.</subfield></datafield><datafield ind1=" " ind2=" " tag="530"><subfield code="a">Also issued on microfilm from the Library of Congress, Photoduplication Service.</subfield></datafield><datafield ind1=" " ind2="0" tag="651"><subfield code="a">Buffalo (N.Y.)</subfield><subfield code="v">Newspapers.</subfield></datafield><datafield ind1=" " ind2="0" tag="651"><subfield code="a">Erie County (N.Y.)</subfield><subfield code="v">Newspapers.</subfield></datafield><datafield ind1=" " ind2="7" tag="655"><subfield code="a">Newspapers.</subfield><subfield code="2">fast</subfield><subfield code="0">(OCoLC)fst01423814</subfield></datafield><datafield ind1=" " ind2="7" tag="651"><subfield code="a">New York (State)</subfield><subfield code="z">Buffalo.</subfield><subfield code="2">fast</subfield><subfield code="0">(OCoLC)fst01205730</subfield></datafield><datafield ind1=" " ind2="7" tag="651"><subfield code="a">New York (State)</subfield><subfield code="z">Erie County.</subfield><subfield code="2">fast</subfield><subfield code="0">(OCoLC)fst01202692</subfield></datafield><datafield ind1=" " ind2=" " tag="752"><subfield code="a">United States</subfield><subfield code="b">New York</subfield><subfield code="c">Erie</subfield><subfield code="d">Buffalo.</subfield></datafield><datafield ind1="0" ind2=" " tag="775"><subfield code="a">Buffalo evening news (Buffalo, N.Y. : Overseas ed.)</subfield><subfield code="w">(DLC)sn 93063816</subfield><subfield code="w">(OCoLC)27660757</subfield></datafield><datafield ind1="0" ind2="5" tag="780"><subfield code="t">Buffalo Sunday morning news</subfield><subfield code="g">1880</subfield><subfield code="w">(DLC)sn 85042135</subfield><subfield code="w">(OCoLC)11803910</subfield></datafield><datafield ind1="0" ind2="5" tag="780"><subfield code="t">Evening telegraph (Buffalo, N.Y.)</subfield><subfield code="g">Aug. 1885</subfield><subfield code="w">(DLC)sn 88027904</subfield><subfield code="w">(OCoLC)17785523</subfield></datafield><datafield ind1="0" ind2="0" tag="785"><subfield code="t">Buffalo news (Buffalo, N.Y. : Daily)</subfield><subfield code="x">0745-2691</subfield><subfield code="w">(DLC)sn 82008105</subfield><subfield code="w">(OCoLC)8882862</subfield></datafield></record>